<record><leader>00000cas a22000007a 4500</leader><controlfield tag="001">10352866</controlfield><controlfield tag="008">840130d18461847mauwr ne      0   a0eng d</controlfield><datafield ind1=" " ind2=" " tag="010"><subfield code="a">sn 84023665 </subfield></datafield><datafield ind1=" " ind2=" " tag="040"><subfield code="a">WIH</subfield><subfield code="b">eng</subfield><subfield code="c">WIH</subfield><subfield code="d">NPX</subfield><subfield code="d">MGN</subfield><subfield code="d">OCLCQ</subfield><subfield code="d">OCLCF</subfield><subfield code="d">WIH</subfield></datafield><datafield ind1=" " ind2=" " tag="042"><subfield code="a">msc</subfield></datafield><datafield ind1="0" ind2="4" tag="245"><subfield code="a">The Rechabite and family instructor.</subfield></datafield><datafield ind1=" " ind2=" " tag="260"><subfield code="a">Boston [Mass.] :</subfield><subfield code="b">Samuel T. Cobb &amp; Co.</subfield></datafield><datafield ind1=" " ind2=" " tag="300"><subfield code="a">v. ;</subfield><subfield code="c">65 cm.</subfield></datafield><datafield ind1=" " ind2=" " tag="310"><subfield code="a">Weekly</subfield></datafield><datafield ind1="0" ind2=" " tag="362"><subfield code="a">Vol. 1, no. 1 (May 6, 1846)-v. 2, no. 31 (Dec. 2, 1847).</subfield></datafield><datafield ind1=" " ind2=" " tag="550"><subfield code="a">"Organ for the Independent Order of Rechabites."</subfield></datafield><datafield ind1=" " ind2="0" tag="650"><subfield code="a">Temperance</subfield><subfield code="x">Societies, etc.</subfield></datafield><datafield ind1=" " ind2="7" tag="650"><subfield code="a">Temperance</subfield><subfield code="x">Societies, etc.</subfield><subfield code="2">fast</subfield><subfield code="0">(OCoLC)fst01147318</subfield></datafield><datafield ind1="2" ind2=" " tag="710"><subfield code="a">Independent Order of Rechabites.</subfield></datafield><datafield ind1=" " ind2=" " tag="752"><subfield code="a">United States</subfield><subfield code="b">Massachusetts</subfield><subfield code="c">Suffolk</subfield><subfield code="d">Boston.</subfield></datafield><datafield ind1="1" ind2=" " tag="029"><subfield code="a">AU@</subfield><subfield code="b">000025826610</subfield></datafield></record>